

@article{androidstudio,
    author =       "Android Official Site ",
    title =        "Meet Android Studios",
   url  = "https://developer.android.com/studio/intro"

}


@article{broadbandplan,
    author =       "Government IE ",
    title =        "National Broadband Plans",
   url= "https://www.gov.ie/en/publication/c1b0c9-national-broadband-plan/"

}


@article{kotlinstats,
    author =       "Java zone ",
    title =        "Java Vs. Kotlin: Which One Will Be the Best in 2019?",
   url= "https://dzone.com/articles/java-vs-kotlin-which-one-will-be-the-best-in-2019"

}


@article{firebaseauth,
    author =       "Google",
    title =        "Firebase Authentication Docs",
   url       = "https://firebase.google.com/docs/auth"

}


@article{herokucloud,
    author =       "Heroku",
    title =        "Heroku Focus on building apps, not infrastructure",
   url       = "https://www.heroku.com/developers"

}


@article{herokuawsstat,
    author =       "Guru99",
    title =        "Heroku vs AWS: What is the Difference?",
   url       = "https://www.guru99.com/heroku-vs-aws.html"

}



@article{mongodocs,
    author =       "MongoDB",
    title =        "MongoDB Docs Overview",
   url       = "https://www.mongodb.com/"

}



@article{styleguidelines,
    author =       "Apple",
    title =        "Interface Essentials",
   url       = "https://developer.apple.com/design/human-interface-guidelines/ios/overview/interface-essentials/"

}



@article{okhttp,
    author =       "OkHTTP",
    title =        "OkHttp Overview",
   url       = "https://square.github.io/okhttp/"

}




@article{githublink,
    author =       "TomasOmalley",
    title =        "GithubLink",
   url       = "https://github.com/OmalleyFinalYearAppliedProject/FinalYearAppliedProjectGMIT"

}

@article{calenderview,
    author =       "Google",
    title =        "CalenderView",
   url       = "https://developer.android.com/reference/kotlin/android/widget/CalendarView"

}




@article{glink,
    author =       "TomasOmalley",
    title =        "GoogleDocsSurvey",
   url       = "https://docs.google.com/forms/d/e/1FAIpQLSdHxmlGXDm7Yiyv7pxLluQw7-w5RMWtA-BsF0I0lPRX6kfU-Q/viewform"

}



@article{glink,
    author =       "TomasOmalley",
    title =        "GoogleDocsSurvey",
   url       = "https://docs.google.com/forms/d/e/1FAIpQLSdHxmlGXDm7Yiyv7pxLluQw7-w5RMWtA-BsF0I0lPRX6kfU-Q/viewform"

}


@article{hsecyberattack,
    author =       "Gov.ie",
    title =        "Cyber attack on HSE systems",
   url       = "https://www.gov.ie/en/news/ebbb8-cyber-attack-on-hse-systems/"

}


@article{totalbrandandroid,
    author =       "Android",
    title =        "24k distinct devices",
   url       = "https://www.android.com/everyone/"

}

@article{retrofit,
    author =       "Retorfit",
    title =        "A type-safe HTTP client for Android and Java",
   url       = "https://square.github.io/retrofit/"

}


